@article{article_typical,
  author        = "S. Zhang and C. Zhu and J. K. O. Sin and P. K. T. Mok",
  title         = "A Novel Ultrathin Elevated Channel Low-temperature
                   Poly-{Si} {TFT}",
  journal       = IEEE_J_EDL,
  volume        = "20",
  month         = nov,
  year          = "1999",
  pages         = "569-571"
}

@article{articleetal,
  author        = "F. Delorme and others",
  title         = "Butt-jointed {DBR} Laser With 15 {nm} Tunability Grown
                   in Three {MOVPE} Steps",
  journal       = "Electron. Lett.",
  volume        = "31",
  number        = "15",
  year          = "1995",
  pages         = "1244-1245"
}

@inproceedings{conf_typical,
  author        = "R. K. Gupta and S. D. Senturia",
  title         = "Pull-in Time Dynamics as a Measure of Absolute Pressure",
  booktitle     = "Proc. {IEEE} International Workshop on
                   Microelectromechanical Systems ({MEMS}'97)",
  address       = "Nagoya, Japan",
  month         = jan,
  year          = "1997",
  pages         = "290-294"
}

@book{book_typical,
  author        = "B. D. Cullity",
  title         = "Introduction to Magnetic Materials",
  publisher     = "Addison-Wesley",
  address       = "Reading, MA",
  year          = "1972"
}

@article{agarwal2007generalized,
  title={Generalized Non-metric Multidimensional Scaling},
  author={Sameer Agarwal and Josh Wills and Lawrence Cayton and Gert RG Lanckriet and David J Kriegman and Serge Belongie},
  journal={International Conference on Artificial Intelligence and Statistics},
  pages={11-18},
  year={2007}
}

@article{vandermaaten2012stochastic,
  author={Laurens van der Maaten and Kilian Weinberger},
  journal={IEEE International Workshop on Machine Learning for Signal Processing},
  title={Stochastic Triplet Embedding},
  pages={1-6},
  year={2012}
}

@article{amid2015multiview,
  title={Multiview Triplet Embedding: Learning Attributes in Multiple Maps},
  author={Ehsan Amid and Antti Ukkonen},
  journal={International Conference on Machine Learning},
  pages={1472-1480},
  year={2015}
}

@article{reddic2016nonconvex,
  title={Stochastic Variance Reduction for Nonconvex Optimization},
  author={Sashank Reddic and Ahmed Hefny and Suvrit Sra and Barnabas Poczos and Alex Smola },
  journal={arXiv:1603.06160},
  year={2016}
}

@article{rie2013accelerating,
  title = {Accelerating Stochastic Gradient Descent using Predictive Variance Reduction},
  author = {Rie Johnson and Tong Zhang},
  journal = {Annual Conference on Neural Information Processing Systems},
  pages = {315-323},
  year = {2013}
}

@article{ghadimi2013stochastic,
  author = {Saeed Ghadimi and Guanghui Lan},
  title = {Stochastic First- and Zeroth-Order Methods for Nonconvex Stochastic Programming},
  journal = {SIAM Journal on Optimization},
  volume = {23},
  number = {4},
  pages = {2341-2368},
  year = {2013}
}

@article{ellis2002quest,
  title={The Quest for Ground Truth in Musical Artist Similarity},
  author={Ellis, Daniel PW and Whitman, Brian and Berenzweig, Adam and Lawrence, Steve},
  journal={International Society for Music Information Retrieval Conference},
  year={2002},
}

@article{kevin2011active,
  title = {Active Ranking using Pairwise Comparisons},
  author = {Kevin Jamieson and Robert Nowak},
  journal = {Annual Conference on Neural Information Processing Systems},
  pages = {2240-2248},
  year = {2011}
}

@article{wah2014similarity,
  author={Catherine Wah and Grant Van Horn and Steve Branson and Subhransu Maji and Pietro Perona and Serge Belongie},
  journal={IEEE Conference on Computer Vision and Pattern Recognition},
  title={Similarity Comparisons for Interactive Fine-Grained Categorization},
  year={2014},
  pages={859-866}
}

@article{jamieson2011low,
  author={Kevin Jamieson and Robert Nowak},
  journal={Annual Allerton Conference on Communication, Control, and Computing},
  title={Low-dimensional Embedding using Adaptively Selected Ordinal Data},
  year={2011},
  pages={1077-1084}
}

@article{tamuz2011adaptiive,
  title = {Adaptively Learning the Crowd Kernel },
  journal = {International Conference on Machine Learning},
  author = {Omer Tamuz and Ce Liu and Ohad Shamir and Adam Kalai and Serge Belongie},
  year = {2011},
  pages = {673-680}
}

@article{wilberKKB2015concept,
  author    = {Michael Wilber and
               Iljung Kwak and
               David Kriegman and
               Serge Belongie},
  title     = {Learning Concept Embeddings with Combined Human-Machine Expertise},
  journal = {{IEEE} International Conference on Computer Vision},
  pages     = {981-989},
  year      = {2015}
}

@article{Terada2014LocalOE,
  title = {Local Ordinal Embedding},
  author = {Yoshikazu Terada and Ulrike Luxburg},
  journal = {International Conference on Machine Learning},
  pages = {847-855},
  year={2014}
}

@book{Borg05,
  author = {Ingwer Borg and Patrick J. F. Groenen},
  title = {Modern Multidimensional Scaling: Theory and Applications},
  year = {2005}
}

@article{Shepard1962a,
  author = {Roger N. Shepard},
  title = {The Analysis of Proximities: Multidimensional Scaling with an Unknown Distance Function. I},
  journal = {Psychometrika},
  year = {1962},
  volume = {27},
  number = {2},
  pages = {125-140},
}

@article{Shepard1962b,
  author = {Roger N. Shepard},
  title = {The Analysis of Proximities: Multidimensional Scaling with an Unknown Distance Function. II},
  journal = {Psychometrika},
  year = {1962},
  volume = {27},
  number = {3},
  pages = {219-246},
}

@article{Kruskal1964a,
  author = {J. B. Kruskal},
  title = {Multidimensional Scaling by Optimizing Goodness of Fit to A Nonmetric Hypothesis},
  journal = {Psychometrika},
  year = {1964},
  volume = {29},
  number = {1},
  pages = {1-27},
}

@article{Kruskal1964b,
  author = {J. B. Kruskal},
  title = {Nonmetric Multidimensional Scaling: A Numerical Method},
  journal = {Psychometrika},
  year = {1964},
  volume = {29},
  number = {2},
  pages = {115-129}
}

@article{Quist2004DistributionalSA,
  title={Distributional Scaling: An Algorithm for Structure-Preserving Embedding of Metric and Nonmetric Spaces},
  author={Michael Quist and Golan Yona},
  journal={Journal of Machine Learning Research (JMLR)},
  year={2004},
  volume={5},
  pages={399-420}
}

@article{RosalesSparselinear,
  author = {R\'{o}mer, Rosales and Glenn Fung},
  title = {Learning Sparse Metrics via Linear Programming},
  journal = {ACM SIGKDD Conference on Knowledge Discovery and Data Mining},
  year = {2006},
  pages = {367-373}
}

@article{ShawstructPE,
  author = {Shaw, Blake and Jebara, Tony},
  title = {Structure Preserving Embedding},
  journal = {International Conference on Machine Learning},
  year = {2009},
  pages = {937-944}
}

@article{McFee:2009:POE:1553374.1553467,
  author = {McFee, Brian and Lanckriet, Gert},
  title = {Partial Order Embedding with Multiple Kernels},
  journal = {International Conference on Machine Learning},
  year = {2009},
  pages = {721-728},
}


@article{McFee:2011:LMS:1953048.1953063,
  author = {McFee, Brian and Lanckriet, Gert},
  title = {Learning Multi-modal Similarity},
  journal = {Journal of Machine Learning Research (JMLR)},
  volume = {12},
  year = {2011},
  pages = {491-523},
}

@article{Ailon:2012:ALA:2188385.2188390,
  author = {Ailon, Nir},
  title = {An Active Learning Algorithm for Ranking from Pairwise Preferences with an Almost Optimal Query Complexity},
  journal = {Journal of Machine Learning Research (JMLR)},
  volume = {13},
  year = {2012},
  pages = {137-164}
}

@article{ouyang2008learning,
  title={Learning dissimilarities by ranking: from SDP to QP},
  author={Ouyang, Hua and Gray, Alex},
  journal={International conference on Machine learning},
  pages={728-735},
  year={2008}
}

@article{Mcfee10metriclearning,
  author = {Brian Mcfee and Gert Lanckriet},
  title = {Metric Learning to Rank},
  journal = {International Conference on Machine Learning},
  pages = {775Â¨C782},
  year = {2010}
}

@article{NIPS2012_0599,
  author = {Yanyan Lan and Jiafeng Guo and Xueqi Cheng and Tie-yan Liu},
  journal = {Annual Conference on Neural Information Processing Systems (NIPS)},
  title = {Statistical Consistency of Ranking Methods in A Rank-Differentiable Probability Space},
  Year = {2012},
  Pages = {1241-1249}
}

@article{wauthier2013efficient,
  title = {Efficient Ranking from Pairwise Comparisons.},
  author = {Wauthier, Fabian L and Jordan, Michael I and Jojic, Nebojsa},
  journal = {International Conference on Machine Learning},
  pages = {109-117},
  year = {2013}
}

@article{NIPS2016_6554,
  title = {Finite Sample Prediction and Recovery Bounds for Ordinal Embedding},
  author = {Jain, Lalit and Jamieson, Kevin G and Nowak, Rob},
  journal = {Annual Conference on Neural Information Processing Systems},
  pages = {2711-2719},
  year = {2016}
}

@article{Park2015PreferenceCL,
  title = {Preference Completion: Large-scale Collaborative Ranking from Pairwise Comparisons},
  author = {Dohyung Park and Joe Neeman and Jin Zhang and Sujay Sanghavi and Inderjit S. Dhillon},
  journal = {International Conference on Machine Learning},
  pages = {1907-1916},
  year = {2015}
}

@article{6875950,
  author={Demiralp and M. S. Bernstein and J. Heer},
  journal={IEEE Transactions on Visualization and Computer Graphics (TVCG)},
  title={Learning Perceptual Kernels for Visualization Design},
  year={2014},
  volume={20},
  number={12},
  pages={1933-1942}
}

@article{doi:10.1137/1.9781611974010.31,
    author = {Eric Heim and Matthew Berger and Lee M. Seversky and Milos Hauskrecht},
    title = {Efficient Online Relative Comparison Kernel Learning},
    journal = {SIAM International Conference on Data Mining (SDM)},
    chapter = {31},
    pages = {271-279},
    year={2015}
}

@article{NIPS2015_5751,
  title = {Asynchronous Parallel Stochastic Gradient for Nonconvex Optimization},
  author = {Lian, Xiangru and Huang, Yijun and Li, Yuncheng and Liu, Ji},
  journal = {Annual Conference on Neural Information Processing Systems},
  pages = {2737-2745},
  year = {2015}
}

@article{icml2015_shamir15,
  title={A Stochastic PCA and SVD Algorithm with an Exponential Convergence Rate},
  author={Shamir, Ohad},
  year={2015},
  journal={International Conference on Machine Learning},
  pages={144-152}
}

@article{icml2015_agarwal15,
  title={A Lower Bound for the Optimization of Finite Sums},
  author={Agarwal, Alekh and Bottou, Leon},
  year={2015},
  journal={International Conference on Machine Learning},
  pages={78-86}
}

@article{2015arXiv150102861A,
  author = "Arias-Castro, Ery",
  doi = "10.3150/15-BEJ792",
  journal = "Bernoulli",
  month = "08",
  number = "3",
  pages = "1663--1693",
  title = "Some Theory for Ordinal Embedding",
  volume = "23",
  year = "2017"
}

@article{53e99af7b7602d97023851bf,
    author={Matth$\ddot{a}$us Kleindessner and Ulrike Luxburg},
    journal={Conference on Learning Theory},
    year = {2014},
    pages={40-67},
    title={Uniqueness of Ordinal Embedding}
}

@article{Indyk:2001:AAL:874063.875596,
  author = {Indyk, P.},
  title = {Algorithmic Applications of Low-Distortion Geometric Embeddings},
  journal = {IEEE Symposium on Foundations of Computer Science},
  year = {2001},
  pages = {10-34}
}

@article{Indyk04low-distortionembeddings,
  author = {Piotr Indyk and Jiri Matousek},
  title = {Low-Distortion Embeddings of Finite Metric Spaces},
  journal = {Handbook of Discrete and Computational Geometry},
  year = {2004},
  pages = {177-196}
}

@article{503,
  title = {Cost-Effective HITs for Relative Similarity Comparisons},
  journal = {AAAI Conference on Human Computation and Crowdsourcing},
  year = {2014},
  author = {Michael Wilber and Sam Kwak and Serge Belongie},
  pages = {227-233}
}

@article{Heikinheimo2013TheCA,
  title = {The Crowd-Median Algorithm},
  author = {Hannes Heikinheimo and Antti Ukkonen},
  journal = {AAAI Conference on Human Computation and Crowdsourcing},
  year = {2013},
  pages = {69-77}
}

@article{Xu2016FDRicml,
  title = {False Discovery Rate Control and Statistical Quality Assessment of Annotators in Crowdsourced Ranking},
  author = {Xu, Qianqian and Xiong, Jiechao and Cao, Xiaochun andYao, Yuan},
  journal = {International Conference on Machine Learning},
  year = {2016},
  pages = {1282-1291}
}

@article{NIPS2016_6286,
title = {Barzilai-Borwein Step Size for Stochastic Gradient Descent},
author = {Tan, Conghui and Ma, Shiqian and Dai, Yu-Hong and Qian, Yuqiu},
journal = {Annual Conference on Neural Information Processing Systems},
pages = {685-693},
year = {2016}
}

@article{krizhevsky2012imagenet,
  title={Imagenet classification with deep convolutional neural networks},
  author={Krizhevsky, Alex and Sutskever, Ilya and Hinton, Geoffrey E},
  article={Annual Conference on Neural Information Processing Systems},
  pages={1097-1105},
  year={2012}
}

@article{ILSVRC15,
  Author = {Olga Russakovsky and Jia Deng and Hao Su and Jonathan Krause and Sanjeev Satheesh and Sean Ma and Zhiheng Huang and Andrej Karpathy and Aditya Khosla and Michael Bernstein and Alexander C. Berg and Li Fei-Fei},
  Title = {{ImageNet Large Scale Visual Recognition Challenge}},
  Year = {2015},
  journal = {International Journal of Computer Vision},
  volume={115},
  number={3},
  pages={211-252}
}

@article{Gong2014,
  author={Gong, Yunchao
  and Wang, Liwei
  and Guo, Ruiqi
  and Lazebnik, Svetlana},
  title={Multi-scale Orderless Pooling of Deep Convolutional Activation Features},
  journal="European Conference on Computer Vision",
  year={2014},
  pages={392-407},
}

@article{Liu:2016:TOB:3015812.3015998,
  author = {Liu, Hong and Ji, Rongrong and Wu, Yongjian and Liu, Wei},
  title = {Towards Optimal Binary Code Learning via Ordinal Embedding},
  journal = {AAAI Conference on Artificial Intelligence},
  year = {2016},
  pages = {1258-1265},
  numpages = {8}
}

@article{7410580,
  author={Dongjin Song and Wei Liu and Rongrong Ji and David A. Meyer and John R. Smith},
  journal={{IEEE} International Conference on Computer Vision},
  title={Top Rank Supervised Binary Coding for Visual Search},
  year={2015},
  pages={1922-1930}
}

@article{Quist:2004:DSA:1005332.1005346,
 author = {Quist, Michael and Yona, Golan},
 title = {Distributional Scaling: An Algorithm for Structure-Preserving Embedding of Metric and Nonmetric Spaces},
 journal = {Journal of Machine Learning Research},
 volume = {5},
 year = {2004},
 pages = {399-420}
}

@article{Rosales:2006:LSM:1150402.1150444,
  author = {Rosales, R\'{o}mer and Fung, Glenn},
  title = {Learning Sparse Metrics via Linear Programming},
  journal = {ACM International Conference on Knowledge Discovery and Data Mining},
  year = {2006},
  pages = {367-373}
}

@article{Shaw:2009:SPE:1553374.1553494,
  author = {Shaw, Blake and Jebara, Tony},
  title = {Structure Preserving Embedding},
  journal = {International Conference on Machine Learning},
  year = {2009},
  pages = {937-944}
}

@article{Ailon:2012:ALA:2503308.2188390,
 author = {Ailon, Nir},
 title = {An Active Learning Algorithm for Ranking from Pairwise Preferences with an Almost Optimal Query Complexity},
 journal = {Journal of Machine Learning Research},
 volume = {13},
 number = {1},
 year = {2012},
 pages={137-164}
}

@article{Ouyang2008LearningDB,
  title={Learning dissimilarities by ranking: from SDP to QP},
  author={Hua Ouyang and Alexander G. Gray},
  journal={International Conference on Machine Learning},
  pages = {728-735},
  year={2008}
}

@article{2016arXiv160207194K,
   author = {{Kleindessner}, Matth{\"a}us and {von Luxburg}, Ulrike},
    title = "{Lens depth function and k-relative neighborhood graph: versatile tools for ordinal data analysis}",
  journal = {ArXiv e-prints},
archivePrefix = "arXiv",
   eprint = {1602.07194},
     year = {2016}
}

@article{10.2307/3085904,
 author = {Jianqing Fan and Runze Li},
 journal = {Journal of the American Statistical Association},
 number = {456},
 pages = {1348-1360},
 title = {Variable Selection via Nonconcave Penalized Likelihood and Its Oracle Properties},
 volume = {96},
 year = {2001}
}

@article{diaz1963,
author = "Diaz, J. B. and Metcalf, F. T.",
journal = "Bulletin of the American Mathematical Society",
number = "3",
pages = "415--418",
title = "Stronger Forms of A Class of Inequalities of G. P\'{o}lya-G. Szeg\"{o}, and L. V. Kantorovich",
volume = "69",
year = "1963"
}

@article{sa2015global,
  title={Global Convergence of Stochastic Gradient Descent for Some Non-convex Matrix Problems},
  author={Sa, Christopher De and Re, Christopher and Olukotun, Kunle},
  journal={International Conference on Machine Learning},
  pages={2332--2341},
  year={2015}
}

@article{bhojanapalli2016dropping,
  title={Dropping convexity for faster semi-definite optimization},
  author={Bhojanapalli, Srinadh and Kyrillidis, Anastasios and Sanghavi, Sujay},
  journal={Conference on Learning Theory},
  pages={530--582},
  year={2016}
}

@article{agarwal2015lower,
  title={A Lower Bound for the Optimization of Finite Sums},
  author={Agarwal, Alekh and Bottou, Leon},
  journal={International Conference on Machine Learning},
  pages={78--86},
  year={2015}
}

@article{NIPS2013_5021,
title = {Distributed Representations of Words and Phrases and their Compositionality},
author = {Mikolov, Tomas and Sutskever, Ilya and Chen, Kai and Corrado, Greg S and Dean, Jeff},
journal = {Advances in Neural Information Processing Systems},
pages = {3111--3119},
year = {2013}
}

@article{maaten2008visualizing,
  title={Visualizing data using t-SNE},
  author={Maaten, Laurens van der and Hinton, Geoffrey},
  journal={Journal of Machine Learning Research},
  volume={9},
  number={11},
  pages={2579--2605},
  year={2008}
}

@article{globerson2007euclidean,
  title={Euclidean embedding of co-occurrence data},
  author={Globerson, Amir and Chechik, Gal and Pereira, Fernando and Tishby, Naftali},
  journal={Journal of Machine Learning Research},
  volume={8},
  number={10},
  pages={2265--2295},
  year={2007}
}


@book{BorgGroenen2005,
  added-at = {2008-01-07T11:06:22.000+0100},
  author = {Borg, I. and Groenen, P.J.F.},
  title = {{Modern Multidimensional Scaling: Theory and Applications}},
  year = 2005
}

@article {Tenenbaum2319,
  author = {Tenenbaum, Joshua B. and Silva, Vin de and Langford, John C.},
  title = {A Global Geometric Framework for Nonlinear Dimensionality Reduction},
  volume = {290},
  number = {5500},
  pages = {2319--2323},
  year = {2000},
  journal = {Science}
}

@article {Roweis2323,
  author = {Roweis, Sam T. and Saul, Lawrence K.},
  title = {Nonlinear Dimensionality Reduction by Locally Linear Embedding},
  volume = {290},
  number = {5500},
  pages = {2323--2326},
  year = {2000},
  journal = {Science}
}

@article{Belkin:2003:LED:795523.795528,
 author = {Belkin, Mikhail and Niyogi, Partha},
 title = {Laplacian Eigenmaps for Dimensionality Reduction and Data Representation},
 journal = {Neural Computation},
 volume = {15},
 number = {6},
 year = {2003},
 pages = {1373--1396}
}

@incollection{NIPS2002_2276,
title = {Stochastic Neighbor Embedding},
author = {Hinton, Geoffrey E and Sam T. Roweis},
journal = {Annual Conference on Neural Information Processing Systems},
pages = {857--864},
year = {2003}
}

@article{kendall1948rank,
  title={Rank Correlation Methods.},
  author={Kendall, Maurice George},
  year={1948},
  publisher={Griffin}
}

@article{pmlr-v48-allen-zhua16,
  title =    {Variance Reduction for Faster Non-Convex Optimization},
  author =   {Zeyuan Allen-Zhu and Elad Hazan},
  journal =  {International Conference on Machine Learning},
  pages =    {699--707},
  year =   {2016}
}

@article{pmlr-v48-reddi16,
  title =    {Stochastic Variance Reduction for Nonconvex Optimization},
  author =   {Sashank J. Reddi and Ahmed Hefny and Suvrit Sra and Barnabas Poczos and Alex Smola},
  journal =    {International Conference on Machine Learning},
  pages =    {314--323},
  year =   {2016}
}

@book{Nesterov:2004:ILC:2670022,
	author = {Nesterov, Yurii},
	title = {Introductory Lectures on Convex Optimization: A Basic Course},
	year = {2004}
}